<collection xmlns="http://www.loc.gov/MARC21/slim">
<record>
  <leader>01093cam a22002657i 4500</leader>
  <controlfield tag="001">19190141</controlfield>
  <controlfield tag="005">20200103150748.0</controlfield>
  <controlfield tag="008">160725s2016    ksua   j      000 1 eng  </controlfield>
  <datafield tag="906" ind1=" " ind2=" ">
    <subfield code="a">7</subfield>
    <subfield code="b">cbc</subfield>
    <subfield code="c">orignew</subfield>
    <subfield code="d">4</subfield>
    <subfield code="e">epcn</subfield>
    <subfield code="f">20</subfield>
    <subfield code="g">y-gencatlg</subfield>
  </datafield>
  <datafield tag="925" ind1="0" ind2=" ">
    <subfield code="a">acquire</subfield>
    <subfield code="b">1 shelf copy</subfield>
    <subfield code="x">policy default</subfield>
  </datafield>
  <datafield tag="955" ind1=" " ind2=" ">
    <subfield code="a">pc17 2016-07-25</subfield>
    <subfield code="a">xn01 2016-11-21 1 copy rec&apos;d., to USASH</subfield>
    <subfield code="h">xm08 2017-05-03</subfield>
    <subfield code="a">xk14 2017-05-10 review, to CALM</subfield>
  </datafield>
  <datafield tag="010" ind1=" " ind2=" ">
    <subfield code="a">  2016948878</subfield>
  </datafield>
  <datafield tag="020" ind1=" " ind2=" ">
    <subfield code="a">9780997795202 (hardbound)</subfield>
  </datafield>
  <datafield tag="040" ind1=" " ind2=" ">
    <subfield code="a">DLC</subfield>
    <subfield code="b">eng</subfield>
    <subfield code="e">rda</subfield>
    <subfield code="c">DLC</subfield>
  </datafield>
  <datafield tag="050" ind1="0" ind2="0">
    <subfield code="a">MLCM 2017/42089 (P)</subfield>
  </datafield>
  <datafield tag="100" ind1="1" ind2=" ">
    <subfield code="a">Funk, Kimberly K.,</subfield>
    <subfield code="e">author.</subfield>
  </datafield>
  <datafield tag="245" ind1="1" ind2="0">
    <subfield code="a">Christmas at the stable :</subfield>
    <subfield code="b">the animals tell their stories /</subfield>
    <subfield code="c">by Kimberly K. Funk ; illustrated by Kimberly Rempel.</subfield>
  </datafield>
  <datafield tag="264" ind1=" " ind2="1">
    <subfield code="a">Newton, Kansas :</subfield>
    <subfield code="b">SEWright Stories,</subfield>
    <subfield code="c">[2016]</subfield>
  </datafield>
  <datafield tag="300" ind1=" " ind2=" ">
    <subfield code="a">1 volume (unpaged) :</subfield>
    <subfield code="b">color illustrations ;</subfield>
    <subfield code="c">25 cm</subfield>
  </datafield>
  <datafield tag="336" ind1=" " ind2=" ">
    <subfield code="a">text</subfield>
    <subfield code="b">txt</subfield>
    <subfield code="2">rdacontent</subfield>
  </datafield>
  <datafield tag="337" ind1=" " ind2=" ">
    <subfield code="a">unmediated</subfield>
    <subfield code="b">n</subfield>
    <subfield code="2">rdamedia</subfield>
  </datafield>
  <datafield tag="338" ind1=" " ind2=" ">
    <subfield code="a">volume</subfield>
    <subfield code="b">nc</subfield>
    <subfield code="2">rdacarrier</subfield>
  </datafield>
  <datafield tag="500" ind1=" " ind2=" ">
    <subfield code="a">&quot;Based on an old Christmas carol, The Friendly Beasts.&quot;</subfield>
  </datafield>
  <datafield tag="700" ind1="1" ind2=" ">
    <subfield code="a">Rempel, Kimberly,</subfield>
    <subfield code="e">illustrator.</subfield>
  </datafield>
  <datafield tag="952" ind1=" " ind2=" ">
    <subfield code="a">Not in scope for CYAC treatment.</subfield>
  </datafield>
</record>