
<record>
  <leader>03294cam a22004937i 4500</leader>
  <controlfield tag="001">19193247</controlfield>
  <controlfield tag="005">20200103150749.0</controlfield>
  <controlfield tag="008">160726t20162016nyu           000 0 eng c</controlfield>
  <datafield tag="906" ind1=" " ind2=" ">
    <subfield code="a">7</subfield>
    <subfield code="b">cbc</subfield>
    <subfield code="c">pccadap</subfield>
    <subfield code="d">2</subfield>
    <subfield code="e">ncip</subfield>
    <subfield code="f">20</subfield>
    <subfield code="g">y-gencatlg</subfield>
  </datafield>
  <datafield tag="925" ind1="0" ind2=" ">
    <subfield code="a">acquire</subfield>
    <subfield code="b">1 shelf copy</subfield>
    <subfield code="x">policy default</subfield>
  </datafield>
  <datafield tag="955" ind1=" " ind2=" ">
    <subfield code="b">rk11 2018-02-20 z-processor</subfield>
    <subfield code="i">rk11 2018-02-20 to Dewey</subfield>
  </datafield>
  <datafield tag="955" ind1=" " ind2=" ">
    <subfield code="a">pc22 2016-07-26</subfield>
    <subfield code="a">xn11 2018-02-14 1 copy rec&apos;d., to USASH</subfield>
  </datafield>
  <datafield tag="010" ind1=" " ind2=" ">
    <subfield code="a">  2016949230</subfield>
  </datafield>
  <datafield tag="020" ind1=" " ind2=" ">
    <subfield code="a">9781941701393</subfield>
  </datafield>
  <datafield tag="020" ind1=" " ind2=" ">
    <subfield code="a">1941701396</subfield>
  </datafield>
  <datafield tag="035" ind1=" " ind2=" ">
    <subfield code="a">(OCoLC)ocn945950674</subfield>
  </datafield>
  <datafield tag="040" ind1=" " ind2=" ">
    <subfield code="a">BTCTA</subfield>
    <subfield code="b">eng</subfield>
    <subfield code="e">rda</subfield>
    <subfield code="c">BTCTA</subfield>
    <subfield code="d">YDXCP</subfield>
    <subfield code="d">VU@</subfield>
    <subfield code="d">QCL</subfield>
    <subfield code="d">OCLCO</subfield>
    <subfield code="d">ZCU</subfield>
    <subfield code="d">INU</subfield>
    <subfield code="d">CAAGO</subfield>
    <subfield code="d">OCLCF</subfield>
    <subfield code="d">MNU</subfield>
    <subfield code="d">VP@</subfield>
    <subfield code="d">OCLCQ</subfield>
    <subfield code="d">OCLCO</subfield>
    <subfield code="d">IUL</subfield>
    <subfield code="d">DLC</subfield>
  </datafield>
  <datafield tag="041" ind1="1" ind2=" ">
    <subfield code="a">eng</subfield>
    <subfield code="h">fre</subfield>
  </datafield>
  <datafield tag="043" ind1=" " ind2=" ">
    <subfield code="a">e-fr---</subfield>
  </datafield>
  <datafield tag="050" ind1="0" ind2="0">
    <subfield code="a">ND553.G27</subfield>
    <subfield code="b">A35 2016</subfield>
  </datafield>
  <datafield tag="100" ind1="1" ind2=" ">
    <subfield code="a">Gauguin, Paul,</subfield>
    <subfield code="d">1848-1903,</subfield>
    <subfield code="e">author.</subfield>
  </datafield>
  <datafield tag="240" ind1="1" ind2="0">
    <subfield code="a">Racontars de rapin.</subfield>
    <subfield code="l">English</subfield>
  </datafield>
  <datafield tag="245" ind1="1" ind2="0">
    <subfield code="a">Ramblings of a wannabe painter /</subfield>
    <subfield code="c">Paul Gauguin ; edited and translated by Donatien Grau.</subfield>
  </datafield>
  <datafield tag="264" ind1=" " ind2="1">
    <subfield code="a">New York, New York :</subfield>
    <subfield code="b">David Zwirner Books,</subfield>
    <subfield code="c">[2016]</subfield>
  </datafield>
  <datafield tag="264" ind1=" " ind2="4">
    <subfield code="c">©2016</subfield>
  </datafield>
  <datafield tag="300" ind1=" " ind2=" ">
    <subfield code="a">52 pages ;</subfield>
    <subfield code="c">18 cm.</subfield>
  </datafield>
  <datafield tag="336" ind1=" " ind2=" ">
    <subfield code="a">text</subfield>
    <subfield code="b">txt</subfield>
    <subfield code="2">rdacontent</subfield>
  </datafield>
  <datafield tag="337" ind1=" " ind2=" ">
    <subfield code="a">unmediated</subfield>
    <subfield code="b">n</subfield>
    <subfield code="2">rdamedia</subfield>
  </datafield>
  <datafield tag="338" ind1=" " ind2=" ">
    <subfield code="a">volume</subfield>
    <subfield code="b">nc</subfield>
    <subfield code="2">rdacarrier</subfield>
  </datafield>
  <datafield tag="490" ind1="1" ind2=" ">
    <subfield code="a">Ekphrasis</subfield>
  </datafield>
  <datafield tag="500" ind1=" " ind2=" ">
    <subfield code="a">English translation of Racontars de rapin, an essay written by Gauguin a few months before his death.</subfield>
  </datafield>
  <datafield tag="505" ind1="0" ind2="0">
    <subfield code="t">The last words of the first modern artist /</subfield>
    <subfield code="r">Donatien Grau --</subfield>
    <subfield code="t">Ramblings of a wannabe painter /</subfield>
    <subfield code="r">Paul Gauguin.</subfield>
  </datafield>
  <datafield tag="520" ind1="0" ind2=" ">
    <subfield code="a">&quot;Criticism is our censorship . . .&quot; So begins one of the greatest invectives against criticism ever written by an artist. Paul Gauguin wrote &quot;Racontars de Rapin&quot; only months before he died in 1903, but the essay remained unpublished until 1951. Through discussions of numerous artists, both his contemporaries and predecessors, Gauguin unpacks what he viewed as the mistakes and misjudgments behind much of art criticism, revealing not only how wrong critics&apos; interpretations have been, but also what it would mean to approach art properly - to really look. Long out of print, this new translation by Donatien Grau includes an introduction that situates the essay within Gauguin&apos;s written oeuvre, as well as explanatory notes. This text sheds light on Gauguin&apos;s conception of art - widely considered a predecessor to Duchamp - and engages with many issues still relevant today: history, novelty, criticism, and the market. His voice feels as fresh, lively, sharp in English now as it did in French over one hundred years ago. Through Gauguin&apos;s final piece of writing, we see the artist in the full throes of passion - for his work, for his art, for the art of others, and against anyone who would stand in his way. -- Publisher&apos;s statement.</subfield>
  </datafield>
  <datafield tag="600" ind1="1" ind2="0">
    <subfield code="a">Gauguin, Paul,</subfield>
    <subfield code="d">1848-1903</subfield>
    <subfield code="x">Written works.</subfield>
  </datafield>
  <datafield tag="650" ind1=" " ind2="0">
    <subfield code="a">Art criticism</subfield>
    <subfield code="z">France</subfield>
    <subfield code="x">History</subfield>
    <subfield code="y">19th century.</subfield>
  </datafield>
  <datafield tag="600" ind1="1" ind2="7">
    <subfield code="a">Gauguin, Paul,</subfield>
    <subfield code="d">1848-1903.</subfield>
    <subfield code="2">fast</subfield>
    <subfield code="0">(OCoLC)fst00035648</subfield>
  </datafield>
  <datafield tag="650" ind1=" " ind2="7">
    <subfield code="a">Art criticism.</subfield>
    <subfield code="2">fast</subfield>
    <subfield code="0">(OCoLC)fst00815492</subfield>
  </datafield>
  <datafield tag="650" ind1=" " ind2="7">
    <subfield code="a">Authorship.</subfield>
    <subfield code="2">fast</subfield>
    <subfield code="0">(OCoLC)fst00822442</subfield>
  </datafield>
  <datafield tag="650" ind1=" " ind2="7">
    <subfield code="a">Painters.</subfield>
    <subfield code="2">fast</subfield>
    <subfield code="0">(OCoLC)fst01050530</subfield>
  </datafield>
  <datafield tag="651" ind1=" " ind2="7">
    <subfield code="a">France.</subfield>
    <subfield code="2">fast</subfield>
    <subfield code="0">(OCoLC)fst01204289</subfield>
  </datafield>
  <datafield tag="648" ind1=" " ind2="7">
    <subfield code="a">1800-1899</subfield>
    <subfield code="2">fast</subfield>
  </datafield>
  <datafield tag="655" ind1=" " ind2="7">
    <subfield code="a">History.</subfield>
    <subfield code="2">fast</subfield>
    <subfield code="0">(OCoLC)fst01411628</subfield>
  </datafield>
  <datafield tag="700" ind1="1" ind2=" ">
    <subfield code="a">Grau, Donatien,</subfield>
    <subfield code="e">editor,</subfield>
    <subfield code="e">translator,</subfield>
    <subfield code="e">writer of added commentary.</subfield>
  </datafield>
  <datafield tag="830" ind1=" " ind2="0">
    <subfield code="a">Ekphrasis (New York, N.Y.)</subfield>
  </datafield>
</record>