
<record>
  <leader>02326cam a22004577i 4500</leader>
  <controlfield tag="001">19197298</controlfield>
  <controlfield tag="005">20200103121215.0</controlfield>
  <controlfield tag="008">160729t20152015be a     b    001 0 eng c</controlfield>
  <datafield tag="906" ind1=" " ind2=" ">
    <subfield code="a">7</subfield>
    <subfield code="b">cbc</subfield>
    <subfield code="c">pccadap</subfield>
    <subfield code="d">2</subfield>
    <subfield code="e">ncip</subfield>
    <subfield code="f">20</subfield>
    <subfield code="g">y-gencatlg</subfield>
  </datafield>
  <datafield tag="925" ind1="0" ind2=" ">
    <subfield code="a">acquire</subfield>
    <subfield code="b">1 shelf copy</subfield>
    <subfield code="x">policy default</subfield>
  </datafield>
  <datafield tag="955" ind1=" " ind2=" ">
    <subfield code="b">rk11 2016-07-29 z-processor</subfield>
    <subfield code="i">rk11 2016-07-29 to Dewey</subfield>
    <subfield code="w">xm09 2016-08-13</subfield>
  </datafield>
  <datafield tag="010" ind1=" " ind2=" ">
    <subfield code="a">  2016439297</subfield>
  </datafield>
  <datafield tag="020" ind1=" " ind2=" ">
    <subfield code="a">2503554369</subfield>
  </datafield>
  <datafield tag="020" ind1=" " ind2=" ">
    <subfield code="a">9782503554365</subfield>
  </datafield>
  <datafield tag="035" ind1=" " ind2=" ">
    <subfield code="a">(OCoLC)ocn904183374</subfield>
  </datafield>
  <datafield tag="040" ind1=" " ind2=" ">
    <subfield code="a">YDXCP</subfield>
    <subfield code="b">eng</subfield>
    <subfield code="e">rda</subfield>
    <subfield code="c">YDXCP</subfield>
    <subfield code="d">BTCTA</subfield>
    <subfield code="d">ERASA</subfield>
    <subfield code="d">OCLCQ</subfield>
    <subfield code="d">ZLM</subfield>
    <subfield code="d">CHVBK</subfield>
    <subfield code="d">OCLCF</subfield>
    <subfield code="d">FXM</subfield>
    <subfield code="d">GBVCP</subfield>
    <subfield code="d">PUL</subfield>
    <subfield code="d">STF</subfield>
    <subfield code="d">OCL</subfield>
    <subfield code="d">COO</subfield>
    <subfield code="d">YUS</subfield>
    <subfield code="d">OCLCA</subfield>
    <subfield code="d">DLC</subfield>
  </datafield>
  <datafield tag="043" ind1=" " ind2=" ">
    <subfield code="a">e-be---</subfield>
  </datafield>
  <datafield tag="050" ind1="0" ind2="0">
    <subfield code="a">ND673.C5555</subfield>
    <subfield code="b">L44 2015</subfield>
  </datafield>
  <datafield tag="082" ind1="0" ind2="0">
    <subfield code="a">759.9492</subfield>
    <subfield code="2">23</subfield>
  </datafield>
  <datafield tag="100" ind1="1" ind2=" ">
    <subfield code="a">Leeflang, Micha,</subfield>
    <subfield code="d">1975-</subfield>
    <subfield code="e">author.</subfield>
  </datafield>
  <datafield tag="245" ind1="1" ind2="0">
    <subfield code="a">Joos van Cleve :</subfield>
    <subfield code="b">a sixteenth-century Antwerp artist and his workshop /</subfield>
    <subfield code="c">Micha Leeflang ; editor: Maryan W. Ainsworth ; English translation and editor: Michael Hoyle.</subfield>
  </datafield>
  <datafield tag="264" ind1=" " ind2="1">
    <subfield code="a">Turnhout, Belgium :</subfield>
    <subfield code="b">Brepols,</subfield>
    <subfield code="c">[2015]</subfield>
  </datafield>
  <datafield tag="264" ind1=" " ind2="4">
    <subfield code="c">©2015</subfield>
  </datafield>
  <datafield tag="300" ind1=" " ind2=" ">
    <subfield code="a">234 pages :</subfield>
    <subfield code="b">illustrations (some color) ;</subfield>
    <subfield code="c">31 cm</subfield>
  </datafield>
  <datafield tag="336" ind1=" " ind2=" ">
    <subfield code="a">text</subfield>
    <subfield code="2">rdacontent</subfield>
  </datafield>
  <datafield tag="336" ind1=" " ind2=" ">
    <subfield code="a">still image</subfield>
    <subfield code="2">rdacontent</subfield>
  </datafield>
  <datafield tag="337" ind1=" " ind2=" ">
    <subfield code="a">unmediated</subfield>
    <subfield code="2">rdamedia</subfield>
  </datafield>
  <datafield tag="338" ind1=" " ind2=" ">
    <subfield code="a">volume</subfield>
    <subfield code="2">rdacarrier</subfield>
  </datafield>
  <datafield tag="504" ind1=" " ind2=" ">
    <subfield code="a">Includes bibliographical references (pages 201-224) and index.</subfield>
  </datafield>
  <datafield tag="505" ind1="0" ind2=" ">
    <subfield code="a">The life, oblivion and rediscovery of Joos van Cleve -- Something for everyone, Joos van Cleve&apos;s workshop practices and marketing strategies -- Commissions and distribution -- Wooden supports, standardized panel sizes and the dendrochronology of works by Joos van Cleve -- In conclusion: Joos van Cleve&apos;s legacy.</subfield>
  </datafield>
  <datafield tag="600" ind1="1" ind2="0">
    <subfield code="a">Cleve, Joos van,</subfield>
    <subfield code="d">-approximately 1540</subfield>
    <subfield code="x">Criticism and interpretation.</subfield>
  </datafield>
  <datafield tag="650" ind1=" " ind2="0">
    <subfield code="a">Artists&apos; studios</subfield>
    <subfield code="z">Belgium</subfield>
    <subfield code="z">Antwerp</subfield>
    <subfield code="x">History</subfield>
    <subfield code="y">16th century.</subfield>
  </datafield>
  <datafield tag="600" ind1="1" ind2="7">
    <subfield code="a">Cleve, Joos van,</subfield>
    <subfield code="d">-approximately 1540.</subfield>
    <subfield code="2">fast</subfield>
    <subfield code="0">(OCoLC)fst01812886</subfield>
  </datafield>
  <datafield tag="650" ind1=" " ind2="7">
    <subfield code="a">Artists&apos; studios.</subfield>
    <subfield code="2">fast</subfield>
    <subfield code="0">(OCoLC)fst00817698</subfield>
  </datafield>
  <datafield tag="651" ind1=" " ind2="7">
    <subfield code="a">Belgium</subfield>
    <subfield code="z">Antwerp.</subfield>
    <subfield code="2">fast</subfield>
    <subfield code="0">(OCoLC)fst01204472</subfield>
  </datafield>
  <datafield tag="648" ind1=" " ind2="7">
    <subfield code="a">1500-1599</subfield>
    <subfield code="2">fast</subfield>
  </datafield>
  <datafield tag="655" ind1=" " ind2="7">
    <subfield code="a">Criticism, interpretation, etc.</subfield>
    <subfield code="2">fast</subfield>
    <subfield code="0">(OCoLC)fst01411635</subfield>
  </datafield>
  <datafield tag="655" ind1=" " ind2="7">
    <subfield code="a">History.</subfield>
    <subfield code="2">fast</subfield>
    <subfield code="0">(OCoLC)fst01411628</subfield>
  </datafield>
  <datafield tag="600" ind1="1" ind2="7">
    <subfield code="a">Cleve, Joos van</subfield>
    <subfield code="d">1485-1540</subfield>
    <subfield code="2">gnd</subfield>
    <subfield code="0">(DE-601)079811795</subfield>
    <subfield code="0">(DE-588)119024268</subfield>
  </datafield>
  <datafield tag="700" ind1="1" ind2=" ">
    <subfield code="a">Ainsworth, Maryan W.,</subfield>
    <subfield code="e">editor.</subfield>
  </datafield>
  <datafield tag="700" ind1="1" ind2="2">
    <subfield code="a">Cleve, Joos van,</subfield>
    <subfield code="d">-approximately 1540.</subfield>
    <subfield code="t">Paintings.</subfield>
    <subfield code="k">Selections.</subfield>
  </datafield>
</record>