
<record>
  <leader>01613cam a22003377i 4500</leader>
  <controlfield tag="001">19198992</controlfield>
  <controlfield tag="005">20200103150753.0</controlfield>
  <controlfield tag="008">160729s2016    pauak         000 0 eng c</controlfield>
  <datafield tag="906" ind1=" " ind2=" ">
    <subfield code="a">7</subfield>
    <subfield code="b">cbc</subfield>
    <subfield code="c">pccadap</subfield>
    <subfield code="d">2</subfield>
    <subfield code="e">ncip</subfield>
    <subfield code="f">20</subfield>
    <subfield code="g">y-gencatlg</subfield>
  </datafield>
  <datafield tag="925" ind1="0" ind2=" ">
    <subfield code="a">acquire</subfield>
    <subfield code="b">1 shelf copy</subfield>
    <subfield code="x">policy default</subfield>
  </datafield>
  <datafield tag="955" ind1=" " ind2=" ">
    <subfield code="b">xg31 2016-07-29 z-processor (telework)</subfield>
    <subfield code="e">xg31 2016-07-29 (telework) to BCCD</subfield>
  </datafield>
  <datafield tag="010" ind1=" " ind2=" ">
    <subfield code="a">  2016296111</subfield>
  </datafield>
  <datafield tag="035" ind1=" " ind2=" ">
    <subfield code="a">(OCoLC)ocn951978278</subfield>
  </datafield>
  <datafield tag="040" ind1=" " ind2=" ">
    <subfield code="a">UPM</subfield>
    <subfield code="b">eng</subfield>
    <subfield code="e">rda</subfield>
    <subfield code="c">UPM</subfield>
    <subfield code="d">OCLCF</subfield>
    <subfield code="d">DLC</subfield>
  </datafield>
  <datafield tag="043" ind1=" " ind2=" ">
    <subfield code="a">n-us-nj</subfield>
  </datafield>
  <datafield tag="050" ind1="0" ind2="0">
    <subfield code="a">KFN1940.A75</subfield>
    <subfield code="b">W47 2016</subfield>
  </datafield>
  <datafield tag="245" ind1="0" ind2="0">
    <subfield code="a">What Pennsylvania lawyers need to know about New Jersey estate practice.</subfield>
  </datafield>
  <datafield tag="264" ind1=" " ind2="1">
    <subfield code="a">Mechanicsburg, Pennsylvania :</subfield>
    <subfield code="b">Pennsylvania Bar Institute,</subfield>
    <subfield code="c">[2016]</subfield>
  </datafield>
  <datafield tag="300" ind1=" " ind2=" ">
    <subfield code="a">x, 114 pages :</subfield>
    <subfield code="b">illustrations, form ;</subfield>
    <subfield code="c">28 cm.</subfield>
  </datafield>
  <datafield tag="336" ind1=" " ind2=" ">
    <subfield code="a">text</subfield>
    <subfield code="b">txt</subfield>
    <subfield code="2">rdacontent</subfield>
  </datafield>
  <datafield tag="337" ind1=" " ind2=" ">
    <subfield code="a">unmediated</subfield>
    <subfield code="b">n</subfield>
    <subfield code="2">rdamedia</subfield>
  </datafield>
  <datafield tag="338" ind1=" " ind2=" ">
    <subfield code="a">volume</subfield>
    <subfield code="b">nc</subfield>
    <subfield code="2">rdacarrier</subfield>
  </datafield>
  <datafield tag="490" ind1="1" ind2=" ">
    <subfield code="a">PBI ;</subfield>
    <subfield code="v">no. 2016-9186</subfield>
  </datafield>
  <datafield tag="505" ind1="0" ind2="0">
    <subfield code="t">New Jersey estate planning issues /</subfield>
    <subfield code="r">Joseph M. Kempter, J.D., LL.M., C.P.A. and Glenn A. Henkel, J.D., LL.M, C.P.A. --</subfield>
    <subfield code="t">How to administer an estate in New Jersey /</subfield>
    <subfield code="r">Douglas A. Fendrick, Esq. --</subfield>
    <subfield code="t">Hot trends in trust &amp; estate litigation in New Jersey : 2015-2016 /</subfield>
    <subfield code="r">Anthony R. LaRatta, Esq., Steven K. Mignogna, Esq. and Melissa O. Dibble, Esq.</subfield>
  </datafield>
  <datafield tag="650" ind1=" " ind2="0">
    <subfield code="a">Estate planning</subfield>
    <subfield code="z">New Jersey.</subfield>
  </datafield>
  <datafield tag="650" ind1=" " ind2="0">
    <subfield code="a">Trusts and trustees</subfield>
    <subfield code="z">New Jersey.</subfield>
  </datafield>
  <datafield tag="650" ind1=" " ind2="7">
    <subfield code="a">Estate planning.</subfield>
    <subfield code="2">fast</subfield>
    <subfield code="0">(OCoLC)fst00915490</subfield>
  </datafield>
  <datafield tag="650" ind1=" " ind2="7">
    <subfield code="a">Trusts and trustees.</subfield>
    <subfield code="2">fast</subfield>
    <subfield code="0">(OCoLC)fst01158201</subfield>
  </datafield>
  <datafield tag="651" ind1=" " ind2="7">
    <subfield code="a">New Jersey.</subfield>
    <subfield code="2">fast</subfield>
    <subfield code="0">(OCoLC)fst01208379</subfield>
  </datafield>
  <datafield tag="710" ind1="2" ind2=" ">
    <subfield code="a">Pennsylvania Bar Institute.</subfield>
  </datafield>
  <datafield tag="830" ind1=" " ind2="0">
    <subfield code="a">PBI (Series) ;</subfield>
    <subfield code="v">no. 2016-9186.</subfield>
  </datafield>
</record>