
<record>
  <leader>02518cam a22003137i 4500</leader>
  <controlfield tag="001">19200704</controlfield>
  <controlfield tag="005">20200103150754.0</controlfield>
  <controlfield tag="008">160801s2016    ne            001 0 dut  </controlfield>
  <datafield tag="906" ind1=" " ind2=" ">
    <subfield code="a">7</subfield>
    <subfield code="b">cbc</subfield>
    <subfield code="c">origres</subfield>
    <subfield code="d">3</subfield>
    <subfield code="e">ncip</subfield>
    <subfield code="f">20</subfield>
    <subfield code="g">y-gencatlg</subfield>
  </datafield>
  <datafield tag="925" ind1="0" ind2=" ">
    <subfield code="a">acquire</subfield>
    <subfield code="b">1 shelf copy</subfield>
    <subfield code="x">policy default</subfield>
  </datafield>
  <datafield tag="955" ind1=" " ind2=" ">
    <subfield code="a">bd24 2016-08-01</subfield>
    <subfield code="b">bc12 2018-04-05 z-processor (telework)</subfield>
    <subfield code="i">bc12 2018-04-25 (telework)</subfield>
    <subfield code="e">bc12 2018-04-26 to BCCD (ABAchecked &amp; Labeled)</subfield>
  </datafield>
  <datafield tag="010" ind1=" " ind2=" ">
    <subfield code="a">  2016441546</subfield>
  </datafield>
  <datafield tag="020" ind1=" " ind2=" ">
    <subfield code="a">9789460042584</subfield>
  </datafield>
  <datafield tag="020" ind1=" " ind2=" ">
    <subfield code="a">9460042589</subfield>
  </datafield>
  <datafield tag="040" ind1=" " ind2=" ">
    <subfield code="a">DLC</subfield>
    <subfield code="b">eng</subfield>
    <subfield code="e">rda</subfield>
    <subfield code="c">DLC</subfield>
  </datafield>
  <datafield tag="050" ind1="0" ind2="0">
    <subfield code="a">DJ287</subfield>
    <subfield code="b">.G765 2016</subfield>
  </datafield>
  <datafield tag="100" ind1="1" ind2=" ">
    <subfield code="a">Groeneveld, Gerard,</subfield>
    <subfield code="e">author.</subfield>
  </datafield>
  <datafield tag="245" ind1="1" ind2="0">
    <subfield code="a">Rotterdam frontstad :</subfield>
    <subfield code="b">10-14 mei 1940 /</subfield>
    <subfield code="c">Gerard Groeneveld.</subfield>
  </datafield>
  <datafield tag="264" ind1=" " ind2="1">
    <subfield code="a">Nijmegen :</subfield>
    <subfield code="b">Vantilt,</subfield>
    <subfield code="c">[2016]</subfield>
  </datafield>
  <datafield tag="300" ind1=" " ind2=" ">
    <subfield code="a">325 pages :</subfield>
    <subfield code="b">illustrations ;</subfield>
    <subfield code="c">26 cm</subfield>
  </datafield>
  <datafield tag="336" ind1=" " ind2=" ">
    <subfield code="a">text</subfield>
    <subfield code="b">txt</subfield>
    <subfield code="2">rdacontent</subfield>
  </datafield>
  <datafield tag="337" ind1=" " ind2=" ">
    <subfield code="a">unmediated</subfield>
    <subfield code="b">n</subfield>
    <subfield code="2">rdamedia</subfield>
  </datafield>
  <datafield tag="338" ind1=" " ind2=" ">
    <subfield code="a">volume</subfield>
    <subfield code="b">nc</subfield>
    <subfield code="2">rdacarrier</subfield>
  </datafield>
  <datafield tag="520" ind1="8" ind2=" ">
    <subfield code="a">In de vroege ochtend van 10 mei 1940 wordt Rotterdam op bruuske wijze de oorlog ingesleurd. Bommen vallen op vliegveld Waalhaven. Kort daarna dalen Duitse parachutisten uit de lucht en nemen samen met andere goed voorbereide luchtlandingstroepen het vliegveld in. Op de Maas landt een eskader watervliegtuigen van waaruit Duitse soldaten in rubberbootjes naar de kant peddelen. Ze hebben haast. Rotterdam vervult een sleutelpositie in de Duitse opmars. Het bezit van de Maasbruggen is van vitaal belang voor de achterop volgende troepen. Hitler wil dat de Vesting Holland zo snel mogelijk in Duitse handen valt. Daarvoor is een spectaculaire luchtlandingsoperatie bedacht. De verrassing is voor de Rotterdammers volledig. Zij hebben geen idee wat oorlog is, maar leren snel bij. Tegen heug en meug zitten ze vanaf het eerste uur midden in de frontlinie. Vijf beklemmende dagen van verbitterde strijd volgen, eindigend in het bekende vernietigende bombardement. Aan de hand van nieuwe bronnen en tientallen nooit gepubliceerde foto&apos;s en documenten vertelt Gerard Groeneveld het verhaal hoe de oorlog naar de Maasstad kwam. Dit boek beschrijft een indringende geschiedenis waarin de persoonlijke verhalen de boventoon voeren: van Nederlandse en Duitse soldaten, maar vooral ook van de tussen het geweld gevangen burgers.</subfield>
  </datafield>
  <datafield tag="504" ind1=" " ind2=" ">
    <subfield code="a">Includes bibliographical references and index.</subfield>
  </datafield>
  <datafield tag="650" ind1=" " ind2="0">
    <subfield code="a">World War, 1939-1945</subfield>
    <subfield code="z">Netherlands</subfield>
    <subfield code="z">Rotterdam.</subfield>
  </datafield>
  <datafield tag="651" ind1=" " ind2="0">
    <subfield code="a">Rotterdam (Netherlands)</subfield>
    <subfield code="x">History</subfield>
    <subfield code="y">20th century.</subfield>
  </datafield>
  <datafield tag="651" ind1=" " ind2="0">
    <subfield code="a">Rotterdam (Netherlands)</subfield>
    <subfield code="x">History</subfield>
    <subfield code="y">Bombardment, 1940.</subfield>
  </datafield>
  <datafield tag="923" ind1=" " ind2=" ">
    <subfield code="d">20160721</subfield>
    <subfield code="n">I-20095661</subfield>
    <subfield code="s">93000177</subfield>
  </datafield>
</record>