
<record>
  <leader>01808cam a22004097i 4500</leader>
  <controlfield tag="001">19200866</controlfield>
  <controlfield tag="005">20200103150755.0</controlfield>
  <controlfield tag="008">160801s2016    ne a     b    000 0ddut  </controlfield>
  <datafield tag="906" ind1=" " ind2=" ">
    <subfield code="a">7</subfield>
    <subfield code="b">cbc</subfield>
    <subfield code="c">origres</subfield>
    <subfield code="d">3</subfield>
    <subfield code="e">ncip</subfield>
    <subfield code="f">20</subfield>
    <subfield code="g">y-gencatlg</subfield>
  </datafield>
  <datafield tag="925" ind1="0" ind2=" ">
    <subfield code="a">acquire</subfield>
    <subfield code="b">1 shelf copy</subfield>
    <subfield code="x">policy default</subfield>
  </datafield>
  <datafield tag="955" ind1=" " ind2=" ">
    <subfield code="b">bc12 2018-03-29 z-processor (telework)</subfield>
    <subfield code="i">bc12 2018-04-25 (telework)</subfield>
    <subfield code="e">bc12 2018-04-26 to BCCD (ABAchecked &amp; Labeled)</subfield>
  </datafield>
  <datafield tag="955" ind1=" " ind2=" ">
    <subfield code="a">bd24 2016-08-01</subfield>
  </datafield>
  <datafield tag="010" ind1=" " ind2=" ">
    <subfield code="a">  2016441550</subfield>
  </datafield>
  <datafield tag="020" ind1=" " ind2=" ">
    <subfield code="a">9789089548399</subfield>
    <subfield code="q">(pbk.)</subfield>
  </datafield>
  <datafield tag="020" ind1=" " ind2=" ">
    <subfield code="a">9089548394</subfield>
    <subfield code="q">(pbk.)</subfield>
  </datafield>
  <datafield tag="040" ind1=" " ind2=" ">
    <subfield code="a">DLC</subfield>
    <subfield code="b">eng</subfield>
    <subfield code="e">rda</subfield>
    <subfield code="c">DLC</subfield>
  </datafield>
  <datafield tag="043" ind1=" " ind2=" ">
    <subfield code="a">e-ne---</subfield>
    <subfield code="a">a-io---</subfield>
  </datafield>
  <datafield tag="050" ind1="0" ind2="0">
    <subfield code="a">DS646.13.H33</subfield>
    <subfield code="b">A3 2016</subfield>
  </datafield>
  <datafield tag="100" ind1="1" ind2=" ">
    <subfield code="a">Penders, Peter,</subfield>
    <subfield code="e">compiler,</subfield>
    <subfield code="e">editor.</subfield>
  </datafield>
  <datafield tag="245" ind1="1" ind2="0">
    <subfield code="a">Veldpost Sumatra /</subfield>
    <subfield code="c">Peter Penders.</subfield>
  </datafield>
  <datafield tag="250" ind1=" " ind2=" ">
    <subfield code="a">1e druk.</subfield>
  </datafield>
  <datafield tag="264" ind1=" " ind2="1">
    <subfield code="a">Leeuwarden :</subfield>
    <subfield code="b">Elikser Uitgeverij,</subfield>
    <subfield code="c">2016.</subfield>
  </datafield>
  <datafield tag="264" ind1=" " ind2="4">
    <subfield code="c">©2016</subfield>
  </datafield>
  <datafield tag="300" ind1=" " ind2=" ">
    <subfield code="a">339 pages :</subfield>
    <subfield code="b">illustrations ;</subfield>
    <subfield code="c">21 cm.</subfield>
  </datafield>
  <datafield tag="336" ind1=" " ind2=" ">
    <subfield code="a">text</subfield>
    <subfield code="b">txt</subfield>
    <subfield code="2">rdacontent</subfield>
  </datafield>
  <datafield tag="337" ind1=" " ind2=" ">
    <subfield code="a">unmediated</subfield>
    <subfield code="b">n</subfield>
    <subfield code="2">rdamedia</subfield>
  </datafield>
  <datafield tag="338" ind1=" " ind2=" ">
    <subfield code="a">volume</subfield>
    <subfield code="b">nc</subfield>
    <subfield code="2">rdacarrier</subfield>
  </datafield>
  <datafield tag="504" ind1=" " ind2=" ">
    <subfield code="a">Includes bibliographical references (page 337).</subfield>
  </datafield>
  <datafield tag="520" ind1="2" ind2=" ">
    <subfield code="a">Brieven en dagboeken van een jonge Nederlandse militair op Sumatra over de periode 1947-1950 toen de politionele acties plaatsvonden, aangevuld met tijdkaders en illustratieve teksten uit die jaren.</subfield>
    <subfield code="c">NL-ZmNBD.</subfield>
  </datafield>
  <datafield tag="600" ind1="1" ind2="0">
    <subfield code="a">Haas, Han de</subfield>
    <subfield code="q">(J.H.M.),</subfield>
    <subfield code="d">1926-2004</subfield>
    <subfield code="x">Homes and haunts</subfield>
    <subfield code="z">Indonesia</subfield>
    <subfield code="z">Sumatra.</subfield>
  </datafield>
  <datafield tag="600" ind1="1" ind2="0">
    <subfield code="a">Haas, Han de</subfield>
    <subfield code="q">(J.H.M.),</subfield>
    <subfield code="d">1926-2004</subfield>
    <subfield code="v">Diaries.</subfield>
  </datafield>
  <datafield tag="600" ind1="1" ind2="0">
    <subfield code="a">Haas, Han de</subfield>
    <subfield code="q">(J.H.M.),</subfield>
    <subfield code="d">1926-2004</subfield>
    <subfield code="v">Correspondence.</subfield>
  </datafield>
  <datafield tag="650" ind1=" " ind2="0">
    <subfield code="a">Soldiers</subfield>
    <subfield code="z">Netherlands</subfield>
    <subfield code="y">20th century</subfield>
    <subfield code="v">Biography.</subfield>
  </datafield>
  <datafield tag="650" ind1=" " ind2="0">
    <subfield code="a">Dutch</subfield>
    <subfield code="z">Indonesia</subfield>
    <subfield code="z">Sumatra</subfield>
    <subfield code="y">20th century</subfield>
    <subfield code="v">Biography.</subfield>
  </datafield>
  <datafield tag="651" ind1=" " ind2="0">
    <subfield code="a">Sumatra (Indonesia)</subfield>
    <subfield code="x">History, Military.</subfield>
  </datafield>
  <datafield tag="700" ind1="1" ind2="2">
    <subfield code="a">Haas, Han de</subfield>
    <subfield code="q">(J.H.M.),</subfield>
    <subfield code="d">1926-2004.</subfield>
    <subfield code="t">Diaries.</subfield>
    <subfield code="k">Selections.</subfield>
  </datafield>
  <datafield tag="923" ind1=" " ind2=" ">
    <subfield code="d">20160721</subfield>
    <subfield code="n">I-20095661</subfield>
    <subfield code="s">93000177</subfield>
  </datafield>
</record>