
<record>
  <leader>03512cam a22004577i 4500</leader>
  <controlfield tag="001">19205138</controlfield>
  <controlfield tag="005">20200103150756.0</controlfield>
  <controlfield tag="008">160803s2016    ne a     b    001 0 eng c</controlfield>
  <datafield tag="906" ind1=" " ind2=" ">
    <subfield code="a">7</subfield>
    <subfield code="b">cbc</subfield>
    <subfield code="c">pccadap</subfield>
    <subfield code="d">2</subfield>
    <subfield code="e">ncip</subfield>
    <subfield code="f">20</subfield>
    <subfield code="g">y-gencatlg</subfield>
  </datafield>
  <datafield tag="925" ind1="0" ind2=" ">
    <subfield code="a">acquire</subfield>
    <subfield code="b">1 shelf copy</subfield>
    <subfield code="x">policy default</subfield>
  </datafield>
  <datafield tag="955" ind1=" " ind2=" ">
    <subfield code="a">pc25 2016-08-03</subfield>
    <subfield code="a">rl00 2017-05-04 to SMA</subfield>
    <subfield code="b">rl02 2017-05-09 z-processor</subfield>
    <subfield code="i">rl02 2017-05-30 to Dewey</subfield>
    <subfield code="w">xm08 2017-06-30 (telework)</subfield>
  </datafield>
  <datafield tag="010" ind1=" " ind2=" ">
    <subfield code="a">  2016949861</subfield>
  </datafield>
  <datafield tag="016" ind1="7" ind2=" ">
    <subfield code="a">101696711</subfield>
    <subfield code="2">DNLM</subfield>
  </datafield>
  <datafield tag="020" ind1=" " ind2=" ">
    <subfield code="a">9781614996873 (print)</subfield>
  </datafield>
  <datafield tag="020" ind1=" " ind2=" ">
    <subfield code="a">1614996873 (print)</subfield>
  </datafield>
  <datafield tag="020" ind1=" " ind2=" ">
    <subfield code="z">9781614996880 (online)</subfield>
  </datafield>
  <datafield tag="020" ind1=" " ind2=" ">
    <subfield code="z">18798365 (online)</subfield>
  </datafield>
  <datafield tag="035" ind1=" " ind2=" ">
    <subfield code="a">(OCoLC)ocn960448280</subfield>
  </datafield>
  <datafield tag="040" ind1=" " ind2=" ">
    <subfield code="a">NLM</subfield>
    <subfield code="b">eng</subfield>
    <subfield code="c">NLM</subfield>
    <subfield code="e">rda</subfield>
    <subfield code="d">YDX</subfield>
    <subfield code="d">UV0</subfield>
    <subfield code="d">NUI</subfield>
    <subfield code="d">OCLCF</subfield>
    <subfield code="d">QGQ</subfield>
    <subfield code="d">OCLCO</subfield>
    <subfield code="d">DLC</subfield>
  </datafield>
  <datafield tag="050" ind1="0" ind2="0">
    <subfield code="a">QH366.2</subfield>
    <subfield code="b">.M398 2016</subfield>
  </datafield>
  <datafield tag="060" ind1="0" ind2="0">
    <subfield code="a">W1</subfield>
    <subfield code="b">ST92K v.230 2016</subfield>
  </datafield>
  <datafield tag="060" ind1="1" ind2="0">
    <subfield code="a">QH 366.2</subfield>
  </datafield>
  <datafield tag="082" ind1="0" ind2="0">
    <subfield code="a">576.8</subfield>
    <subfield code="2">23</subfield>
  </datafield>
  <datafield tag="100" ind1="1" ind2=" ">
    <subfield code="a">McNair, Jytte Brender,</subfield>
    <subfield code="e">author.</subfield>
  </datafield>
  <datafield tag="245" ind1="1" ind2="2">
    <subfield code="a">A unifying theory of evolution :</subfield>
    <subfield code="b">generated by means of information modelling /</subfield>
    <subfield code="c">Jytte Brender McNair, Emeritus assoc. professor, Dept. of Health Science and Technology, Aalborg University, Aalborg, Denmark.</subfield>
  </datafield>
  <datafield tag="264" ind1=" " ind2="1">
    <subfield code="a">Amsterdam, Netherlands :</subfield>
    <subfield code="b">IOS Press,</subfield>
    <subfield code="c">[2016]</subfield>
  </datafield>
  <datafield tag="300" ind1=" " ind2=" ">
    <subfield code="a">xvi, 217 pages :</subfield>
    <subfield code="b">illustrations ;</subfield>
    <subfield code="c">24 cm</subfield>
  </datafield>
  <datafield tag="336" ind1=" " ind2=" ">
    <subfield code="a">text</subfield>
    <subfield code="b">txt</subfield>
    <subfield code="2">rdacontent</subfield>
  </datafield>
  <datafield tag="337" ind1=" " ind2=" ">
    <subfield code="a">unmediated</subfield>
    <subfield code="b">n</subfield>
    <subfield code="2">rdamedia</subfield>
  </datafield>
  <datafield tag="338" ind1=" " ind2=" ">
    <subfield code="a">volume</subfield>
    <subfield code="b">nc</subfield>
    <subfield code="2">rdacarrier</subfield>
  </datafield>
  <datafield tag="490" ind1="1" ind2=" ">
    <subfield code="a">Studies in health technology and informatics,</subfield>
    <subfield code="x">0926-9630 ;</subfield>
    <subfield code="v">volume 230</subfield>
  </datafield>
  <datafield tag="504" ind1=" " ind2=" ">
    <subfield code="a">Includes bibliographical references and index.</subfield>
  </datafield>
  <datafield tag="520" ind1="8" ind2=" ">
    <subfield code="a">Stringent ways of thinking, &apos;conceptual frameworks&apos;, are necessary in science. The drawback is that the associated assumptions, concepts, rules and practice may become so deeply entrenched that they turn into tacit knowledge and hence give rise to constraints in scientific thought and practice - that is, a new kind of plethora that seriously blinds and thereby hampers scientific progress. This book, &apos;A Unifying Theory of Evolution Generated by Means of Information Modelling&apos;, presents a methodology for describing complex knowledge domains. It applies a template information model based on a dynamic structure of interrelated functions, called the Mereon Matrix. Application of this template model to the field of evolutionary theories enabled the unification of the sometimes chaotic and competing field of evolutionary theories, large and small, seamlessly in a shared framework. The author has Masters degrees in both biochemistry and computer science, as well as a European Doctorate and PhD in health informatics and has spent 35 years in full-time research. It is her particular combination of professional experience and expertise together with the template information model which has enabled her to write this book. Whilst primarily aimed at a scientific audience, and evolutionary biologists in particular, the book will be of interest to all those looking for new approaches to exploring and explaining phenomena in nature, and because the text is largely non-technical in nature, much of the content will also be accessible to a wider readership.--</subfield>
    <subfield code="c">Source other than the Library of Congresss.</subfield>
  </datafield>
  <datafield tag="650" ind1=" " ind2="0">
    <subfield code="a">Evolution (Biology)</subfield>
  </datafield>
  <datafield tag="650" ind1=" " ind2="0">
    <subfield code="a">Information theory in biology.</subfield>
  </datafield>
  <datafield tag="650" ind1="1" ind2="2">
    <subfield code="a">Biological Evolution.</subfield>
  </datafield>
  <datafield tag="650" ind1="2" ind2="2">
    <subfield code="a">Models, Theoretical.</subfield>
  </datafield>
  <datafield tag="650" ind1="2" ind2="2">
    <subfield code="a">Systems Theory.</subfield>
  </datafield>
  <datafield tag="650" ind1=" " ind2="7">
    <subfield code="a">Evolution (Biology)</subfield>
    <subfield code="2">fast</subfield>
    <subfield code="0">(OCoLC)fst00917302</subfield>
  </datafield>
  <datafield tag="650" ind1=" " ind2="7">
    <subfield code="a">Information theory in biology.</subfield>
    <subfield code="2">fast</subfield>
    <subfield code="0">(OCoLC)fst00973164</subfield>
  </datafield>
  <datafield tag="830" ind1=" " ind2="0">
    <subfield code="a">Studies in health technology and informatics ;</subfield>
    <subfield code="v">v. 230.</subfield>
    <subfield code="x">0926-9630</subfield>
  </datafield>
</record>