
<record>
  <leader>02549cas a2200445 i 4500</leader>
  <controlfield tag="001">19205638</controlfield>
  <controlfield tag="005">20200103075324.0</controlfield>
  <controlfield tag="008">160802c20129999tz ar         1    0eng  </controlfield>
  <datafield tag="906" ind1=" " ind2=" ">
    <subfield code="a">7</subfield>
    <subfield code="b">cbc</subfield>
    <subfield code="c">serials</subfield>
    <subfield code="d">2</subfield>
    <subfield code="e">ncip</subfield>
    <subfield code="f">20</subfield>
    <subfield code="g">n-oclcserc</subfield>
  </datafield>
  <datafield tag="925" ind1="0" ind2=" ">
    <subfield code="a">acquire</subfield>
    <subfield code="b">1 shelf copy</subfield>
    <subfield code="x">policy default</subfield>
  </datafield>
  <datafield tag="955" ind1=" " ind2=" ">
    <subfield code="i">bc10 2016-08-15</subfield>
    <subfield code="g">bc06 2016-08-27 to BCCD (OT)</subfield>
    <subfield code="g">bc06 2019-08-23 (telework/credit) to BCCD</subfield>
    <subfield code="g">bc06 2019-12-27 (telework/credit) to BCCD</subfield>
    <subfield code="g">bc06 2019-12-30 (telework/credit) to BCCD</subfield>
    <subfield code="g">bc06 2020-01-03 (telework) to BCCD</subfield>
  </datafield>
  <datafield tag="010" ind1=" " ind2=" ">
    <subfield code="a">  2016213049</subfield>
    <subfield code="z">  2013439109</subfield>
    <subfield code="z">  2014325450</subfield>
  </datafield>
  <datafield tag="035" ind1=" " ind2=" ">
    <subfield code="a">(OCoLC)ocn954463187</subfield>
  </datafield>
  <datafield tag="040" ind1=" " ind2=" ">
    <subfield code="a">DLC</subfield>
    <subfield code="b">eng</subfield>
    <subfield code="e">rda</subfield>
    <subfield code="c">DLC</subfield>
    <subfield code="d">DLC</subfield>
    <subfield code="d">OCLCO</subfield>
    <subfield code="d">DLC</subfield>
    <subfield code="d">OCLCF</subfield>
    <subfield code="d">DLC</subfield>
    <subfield code="d">OCLCA</subfield>
    <subfield code="d">DLC</subfield>
    <subfield code="d">OCLCQ</subfield>
    <subfield code="d">OCLCO</subfield>
  </datafield>
  <datafield tag="042" ind1=" " ind2=" ">
    <subfield code="a">pcc</subfield>
  </datafield>
  <datafield tag="043" ind1=" " ind2=" ">
    <subfield code="a">f-tz---</subfield>
  </datafield>
  <datafield tag="050" ind1="0" ind2="0">
    <subfield code="a">TN877.T34</subfield>
    <subfield code="b">T36a</subfield>
  </datafield>
  <datafield tag="111" ind1="2" ind2=" ">
    <subfield code="a">Tanzanian Oil and Gas Conference and Exhibitions,</subfield>
    <subfield code="j">author.</subfield>
  </datafield>
  <datafield tag="245" ind1="1" ind2="0">
    <subfield code="a">Proceedings /</subfield>
    <subfield code="c">Tanzanian Oil and Gas Conference and Exhibition.</subfield>
  </datafield>
  <datafield tag="246" ind1="1" ind2=" ">
    <subfield code="a">Proceedings of the ... Tanzanian Oil and Gas Conference and Exhibitions</subfield>
  </datafield>
  <datafield tag="264" ind1=" " ind2="1">
    <subfield code="a">Dar es Salaam, Tanzania :</subfield>
    <subfield code="b">College of Engineering and Technology, University of Dar es Salaam,</subfield>
    <subfield code="c">[2013]</subfield>
  </datafield>
  <datafield tag="300" ind1=" " ind2=" ">
    <subfield code="a">volumes :</subfield>
    <subfield code="b">illustrations (some color) ;</subfield>
    <subfield code="c">26 cm</subfield>
  </datafield>
  <datafield tag="310" ind1=" " ind2=" ">
    <subfield code="a">Annual</subfield>
  </datafield>
  <datafield tag="336" ind1=" " ind2=" ">
    <subfield code="a">text</subfield>
    <subfield code="b">txt</subfield>
    <subfield code="2">rdacontent</subfield>
  </datafield>
  <datafield tag="337" ind1=" " ind2=" ">
    <subfield code="a">unmediated</subfield>
    <subfield code="b">n</subfield>
    <subfield code="2">rdamedia</subfield>
  </datafield>
  <datafield tag="338" ind1=" " ind2=" ">
    <subfield code="a">volume</subfield>
    <subfield code="b">nc</subfield>
    <subfield code="2">rdacarrier</subfield>
  </datafield>
  <datafield tag="362" ind1="1" ind2=" ">
    <subfield code="a">Began with 1st (18-19 October 2012).</subfield>
  </datafield>
  <datafield tag="580" ind1=" " ind2=" ">
    <subfield code="a">Proceedings for the 3rd Conference, held 21-22 October 2014, issued only in Swahili: Tanzanian Oil and Gas Conference and Exhibitions (3rd : 2014 : Dar es Salaam, Tanzania). Kongomano na Maonyesho ya Tatu ya Mafuta na Gesi Asilia Tanzania (TOGaCET).</subfield>
  </datafield>
  <datafield tag="588" ind1=" " ind2=" ">
    <subfield code="a">Description based on: 1st (18-19 October 2012); title from title page.</subfield>
  </datafield>
  <datafield tag="588" ind1=" " ind2=" ">
    <subfield code="a">Latest issue consulted: 4th (20-21 October 2016).</subfield>
  </datafield>
  <datafield tag="650" ind1=" " ind2="0">
    <subfield code="a">Petroleum</subfield>
    <subfield code="x">Geology</subfield>
    <subfield code="z">Tanzania</subfield>
    <subfield code="v">Congresses.</subfield>
  </datafield>
  <datafield tag="650" ind1=" " ind2="0">
    <subfield code="a">Natural gas</subfield>
    <subfield code="x">Geology</subfield>
    <subfield code="z">Tanzania</subfield>
    <subfield code="v">Congresses.</subfield>
  </datafield>
  <datafield tag="650" ind1=" " ind2="0">
    <subfield code="a">Gas industry</subfield>
    <subfield code="z">Tanzania</subfield>
    <subfield code="v">Congresses.</subfield>
  </datafield>
  <datafield tag="650" ind1=" " ind2="0">
    <subfield code="a">Petroleum industry and trade</subfield>
    <subfield code="z">Tanzania</subfield>
    <subfield code="v">Congresses.</subfield>
  </datafield>
  <datafield tag="650" ind1=" " ind2="7">
    <subfield code="a">Petroleum</subfield>
    <subfield code="x">Geology</subfield>
    <subfield code="x">Congresses.</subfield>
    <subfield code="2">fast</subfield>
    <subfield code="0">(OCoLC)fst01059283</subfield>
  </datafield>
  <datafield tag="651" ind1=" " ind2="7">
    <subfield code="a">Tanzania.</subfield>
    <subfield code="2">fast</subfield>
    <subfield code="0">(OCoLC)fst01210143</subfield>
  </datafield>
  <datafield tag="710" ind1="2" ind2=" ">
    <subfield code="a">Chuo Kikuu cha Dar es Salaam.</subfield>
    <subfield code="b">College of Engineering and Technology,</subfield>
    <subfield code="e">issuing body.</subfield>
  </datafield>
  <datafield tag="775" ind1="1" ind2=" ">
    <subfield code="a">Tanzanian Oil and Gas Conference and Exhibitions (3rd : 2014 : Dar es Salaam, Tanzania).</subfield>
    <subfield code="t">Kongomano na Maonyesho ya Tatu ya Mafuta na Gesi Asilia Tanzania (TOGaCE)</subfield>
    <subfield code="w">(DLC)  2014325468</subfield>
    <subfield code="w">(OCoLC)946140239</subfield>
  </datafield>
  <datafield tag="850" ind1=" " ind2=" ">
    <subfield code="a">DLC</subfield>
  </datafield>
  <datafield tag="859" ind1="4" ind2="1">
    <subfield code="u">http://www.togace.or.tz/index.php/archive/documents</subfield>
    <subfield code="z">Online version</subfield>
  </datafield>
</record>