
<record>
  <leader>04101ckd a22006135a 4500</leader>
  <controlfield tag="001">19206885</controlfield>
  <controlfield tag="005">20200103103420.0</controlfield>
  <controlfield tag="007">kd||||</controlfield>
  <controlfield tag="008">970625s1934    xxunnn            kneng  </controlfield>
  <datafield tag="906" ind1=" " ind2=" ">
    <subfield code="a">0</subfield>
    <subfield code="b">cbc</subfield>
    <subfield code="c">orignew</subfield>
    <subfield code="d">u</subfield>
    <subfield code="e">ncip</subfield>
    <subfield code="f">20</subfield>
    <subfield code="g">y-printpho</subfield>
  </datafield>
  <datafield tag="035" ind1=" " ind2=" ">
    <subfield code="a">(DLC)acd1996001050/PP</subfield>
  </datafield>
  <datafield tag="010" ind1=" " ind2=" ">
    <subfield code="a">  2016679026</subfield>
  </datafield>
  <datafield tag="035" ind1=" " ind2=" ">
    <subfield code="a">(BRS)000011058</subfield>
  </datafield>
  <datafield tag="037" ind1=" " ind2=" ">
    <subfield code="a">LC-DIG-acd-2a06434</subfield>
    <subfield code="b">DLC</subfield>
    <subfield code="c">(digital file from original)</subfield>
  </datafield>
  <datafield tag="050" ind1="0" ind2="0">
    <subfield code="a">CD 1 - Berryman (C.K.),</subfield>
    <subfield code="b">no. 745</subfield>
  </datafield>
  <datafield tag="040" ind1=" " ind2=" ">
    <subfield code="a">DLC</subfield>
    <subfield code="c">DLC</subfield>
    <subfield code="e">gihc</subfield>
  </datafield>
  <datafield tag="100" ind1="1" ind2=" ">
    <subfield code="a">Berryman, Clifford Kennedy,</subfield>
    <subfield code="d">1869-1949,</subfield>
    <subfield code="e">artist.</subfield>
  </datafield>
  <datafield tag="245" ind1="1" ind2="0">
    <subfield code="a">Cherry blossom time in Washington!</subfield>
    <subfield code="h">[graphic].</subfield>
  </datafield>
  <datafield tag="260" ind1=" " ind2=" ">
    <subfield code="c">1934 April 20.</subfield>
  </datafield>
  <datafield tag="300" ind1=" " ind2=" ">
    <subfield code="a">1 drawing :</subfield>
    <subfield code="b">India ink over graphite ;</subfield>
    <subfield code="c">34.3 x 36.4 cm (sheet)</subfield>
  </datafield>
  <datafield tag="336" ind1=" " ind2=" ">
    <subfield code="a">still image</subfield>
    <subfield code="b">sti</subfield>
    <subfield code="2">rdacontent</subfield>
  </datafield>
  <datafield tag="337" ind1=" " ind2=" ">
    <subfield code="a">unmediated</subfield>
    <subfield code="b">n</subfield>
    <subfield code="2">rdamedia</subfield>
  </datafield>
  <datafield tag="338" ind1=" " ind2=" ">
    <subfield code="a">sheet</subfield>
    <subfield code="b">nb</subfield>
    <subfield code="2">rdacarrier</subfield>
  </datafield>
  <datafield tag="520" ind1="0" ind2=" ">
    <subfield code="a">Cartoon drawings shows President Franklin Delano Roosevelt as a king on a throne wearing an eagle, the symbol of the New Deal, as a crown watching a parade of dancing members of Congress circle him while two children labeled &quot;House&quot; and &quot;Senate&quot; hold his long robe. Leading the parade is Mississippi senator Pat Harrison, followed by Speaker of the House Henry Thomas Rainey, Florida senator Duncan U. Fletcher, Secretary of the Interior Harold Ickes, Texas congressman John Wright Patman, and Washington state senator Clarence C. Dill. They dance in short Roman robes and play horns. Each champions a cause, whether it is taxes, silver, the stock market, bonuses or legislation.</subfield>
  </datafield>
  <datafield tag="500" ind1=" " ind2=" ">
    <subfield code="a">Caption label from exhibit &quot;Sakura&quot;: New Deal Cherry Blossom &quot;King.&quot; Here, Pulitzer Prize-winning cartoonist Clifford Berryman puts his own symbolic spin on Washington&apos;s cherry blossoms. They provide a festive backdrop for President Franklin Delano Roosevelt who is depicted as royalty. Wearing an eagle, the symbol of the New Deal, atop a crown--he is attended by child-like figures labeled &quot;House&quot; and &quot;Senate&quot; while Congress members dance around his throne. Leading the parade is Mississippi senator Pat Harrison, followed by Speaker of the House Henry Thomas Rainey, Florida senator Duncan U. Fletcher, Secretary of the Interior Harold Ickes, Texas congressman John Wright Patman, and Washington state senator Clarence C. Dill. Arrayed in short Roman robes and playing horns, each one champions a cause including taxes, silver, the stock market, bonuses, and legislation.</subfield>
  </datafield>
  <datafield tag="581" ind1="8" ind2=" ">
    <subfield code="a">Published in: Washington star.</subfield>
  </datafield>
  <datafield tag="541" ind1=" " ind2=" ">
    <subfield code="e">(DLC/PP-1945:R1.342)</subfield>
  </datafield>
  <datafield tag="540" ind1=" " ind2=" ">
    <subfield code="a">May be restricted:  Information on reproduction rights available in LC P&amp;P Restrictions Statement.</subfield>
  </datafield>
  <datafield tag="585" ind1=" " ind2=" ">
    <subfield code="a">Exhibited in: Sakura: Cherry blossoms as living symbol of friendship, Graphic Arts Gallery, Library of Congress, 2012.</subfield>
  </datafield>
  <datafield tag="600" ind1="1" ind2="0">
    <subfield code="a">Roosevelt, Franklin D.</subfield>
    <subfield code="q">(Franklin Delano),</subfield>
    <subfield code="d">1882-1945.</subfield>
  </datafield>
  <datafield tag="600" ind1="1" ind2="0">
    <subfield code="a">Dill, Clarence C.</subfield>
    <subfield code="q">(Clarence Cleveland),</subfield>
    <subfield code="d">1884-1978.</subfield>
  </datafield>
  <datafield tag="600" ind1="1" ind2="0">
    <subfield code="a">Fletcher, Duncan Upshaw,</subfield>
    <subfield code="d">1859-1936.</subfield>
  </datafield>
  <datafield tag="600" ind1="1" ind2="0">
    <subfield code="a">Harrison, Pat,</subfield>
    <subfield code="d">1881-1941.</subfield>
  </datafield>
  <datafield tag="600" ind1="1" ind2="0">
    <subfield code="a">Ickes, Harold L.</subfield>
    <subfield code="q">(Harold LeClair),</subfield>
    <subfield code="d">1874-1952.</subfield>
  </datafield>
  <datafield tag="600" ind1="1" ind2="0">
    <subfield code="a">Patman, John Wright,</subfield>
    <subfield code="d">1893-1976.</subfield>
  </datafield>
  <datafield tag="600" ind1="1" ind2="0">
    <subfield code="a">Rainey, Henry Thomas,</subfield>
    <subfield code="d">1860-1934.</subfield>
  </datafield>
  <datafield tag="650" ind1=" " ind2="7">
    <subfield code="a">Dancing</subfield>
    <subfield code="y">1930-1940.</subfield>
    <subfield code="2">lctgm</subfield>
  </datafield>
  <datafield tag="650" ind1=" " ind2="7">
    <subfield code="a">Government officials</subfield>
    <subfield code="y">1930-1940.</subfield>
    <subfield code="2">lctgm</subfield>
  </datafield>
  <datafield tag="650" ind1=" " ind2="7">
    <subfield code="a">Kings</subfield>
    <subfield code="y">1930-1940.</subfield>
    <subfield code="2">lctgm</subfield>
  </datafield>
  <datafield tag="650" ind1=" " ind2="7">
    <subfield code="a">Musical instruments</subfield>
    <subfield code="y">1930-1940.</subfield>
    <subfield code="2">lctgm</subfield>
  </datafield>
  <datafield tag="650" ind1=" " ind2="7">
    <subfield code="a">Presidents &amp; the Congress</subfield>
    <subfield code="y">1930-1940.</subfield>
    <subfield code="2">lctgm</subfield>
  </datafield>
  <datafield tag="650" ind1=" " ind2="4">
    <subfield code="a">New Deal, 1933-1939</subfield>
  </datafield>
  <datafield tag="651" ind1=" " ind2="4">
    <subfield code="a">National Cherry Blossom Festival</subfield>
    <subfield code="z">(Washington, D.C.)</subfield>
  </datafield>
  <datafield tag="655" ind1=" " ind2="7">
    <subfield code="a">Cartoons (Commentary)</subfield>
    <subfield code="x">American</subfield>
    <subfield code="y">1930-1940.</subfield>
    <subfield code="2">gmgpc</subfield>
  </datafield>
  <datafield tag="655" ind1=" " ind2="7">
    <subfield code="a">Drawings</subfield>
    <subfield code="y">1930-1940.</subfield>
    <subfield code="2">gmgpc</subfield>
  </datafield>
  <datafield tag="773" ind1="0" ind2=" ">
    <subfield code="t">Cartoon Drawings (Library of Congress)</subfield>
    <subfield code="w">(DLC)   95861312</subfield>
  </datafield>
  <datafield tag="856" ind1="4" ind2="1">
    <subfield code="3">digital file from original object</subfield>
    <subfield code="d">acd</subfield>
    <subfield code="f">2a06434</subfield>
    <subfield code="q">p</subfield>
    <subfield code="u">http://hdl.loc.gov/loc.pnp/acd.2a06434</subfield>
  </datafield>
  <datafield tag="852" ind1=" " ind2=" ">
    <subfield code="a">Library of Congress</subfield>
    <subfield code="b">Prints and Photographs Division</subfield>
    <subfield code="e">Washington, D.C. 20540 USA</subfield>
    <subfield code="n">dcu</subfield>
    <subfield code="u">http://hdl.loc.gov/loc.pnp/pp.print</subfield>
  </datafield>
  <datafield tag="952" ind1=" " ind2=" ">
    <subfield code="a">mm / 860122.</subfield>
  </datafield>
  <datafield tag="985" ind1=" " ind2=" ">
    <subfield code="e">pp/minload</subfield>
  </datafield>
  <datafield tag="985" ind1=" " ind2=" ">
    <subfield code="a">pp/acd</subfield>
  </datafield>
  <datafield tag="985" ind1=" " ind2=" ">
    <subfield code="a">pp/acr</subfield>
    <subfield code="e">1rights</subfield>
  </datafield>
  <datafield tag="985" ind1=" " ind2=" ">
    <subfield code="a">pp/exh</subfield>
    <subfield code="e">4856 #17.00.00</subfield>
  </datafield>
  <datafield tag="991" ind1=" " ind2=" ">
    <subfield code="m">(A size)</subfield>
  </datafield>
</record>