
<record>
  <leader>03630cam a22003137i 4500</leader>
  <controlfield tag="001">19216761</controlfield>
  <controlfield tag="005">20200103150756.0</controlfield>
  <controlfield tag="008">160805s2016    cau           000 0 eng  </controlfield>
  <datafield tag="906" ind1=" " ind2=" ">
    <subfield code="a">7</subfield>
    <subfield code="b">cbc</subfield>
    <subfield code="c">orignew</subfield>
    <subfield code="d">1</subfield>
    <subfield code="e">ecip</subfield>
    <subfield code="f">20</subfield>
    <subfield code="g">y-gencatlg</subfield>
  </datafield>
  <datafield tag="925" ind1="0" ind2=" ">
    <subfield code="a">acquire</subfield>
    <subfield code="b">1 shelf copy</subfield>
    <subfield code="x">policy default</subfield>
    <subfield code="e">claim1  2017-01-25</subfield>
    <subfield code="e">claim2  2017-05-30</subfield>
  </datafield>
  <datafield tag="955" ind1=" " ind2=" ">
    <subfield code="b">rm13 2016-08-05</subfield>
    <subfield code="i">rm13 2016-08-05 (telework)</subfield>
    <subfield code="w">xm09 2016-08-05</subfield>
    <subfield code="a">xn05 2017-08-05 1 copy rec&apos;d., to CIP ver.</subfield>
    <subfield code="f">rm06 2017-08-09 to BCCD</subfield>
  </datafield>
  <datafield tag="010" ind1=" " ind2=" ">
    <subfield code="a">  2016036067</subfield>
  </datafield>
  <datafield tag="020" ind1=" " ind2=" ">
    <subfield code="a">9780979443039 (trade pbk.)</subfield>
  </datafield>
  <datafield tag="020" ind1=" " ind2=" ">
    <subfield code="z">9780979443046 (ebook)</subfield>
  </datafield>
  <datafield tag="040" ind1=" " ind2=" ">
    <subfield code="a">DLC</subfield>
    <subfield code="b">eng</subfield>
    <subfield code="c">DLC</subfield>
    <subfield code="e">rda</subfield>
    <subfield code="d">DLC</subfield>
  </datafield>
  <datafield tag="050" ind1="0" ind2="0">
    <subfield code="a">HQ759.92</subfield>
    <subfield code="b">.H53 2016</subfield>
  </datafield>
  <datafield tag="082" ind1="0" ind2="0">
    <subfield code="a">306.874/7</subfield>
    <subfield code="2">23</subfield>
  </datafield>
  <datafield tag="100" ind1="1" ind2=" ">
    <subfield code="a">Hicks, Randall,</subfield>
    <subfield code="d">1956-</subfield>
    <subfield code="e">author.</subfield>
  </datafield>
  <datafield tag="245" ind1="1" ind2="0">
    <subfield code="a">Stepparenting :</subfield>
    <subfield code="b">50 one-minute DOs and DON&apos;Ts for stepdads and stepmoms /</subfield>
    <subfield code="c">by Randall Hicks.</subfield>
  </datafield>
  <datafield tag="264" ind1=" " ind2="1">
    <subfield code="a">San Diego, California :</subfield>
    <subfield code="b">WordSlinger Press,</subfield>
    <subfield code="c">[2016]</subfield>
  </datafield>
  <datafield tag="300" ind1=" " ind2=" ">
    <subfield code="a">90 pages ;</subfield>
    <subfield code="c">23 cm</subfield>
  </datafield>
  <datafield tag="336" ind1=" " ind2=" ">
    <subfield code="a">text</subfield>
    <subfield code="b">txt</subfield>
    <subfield code="2">rdacontent</subfield>
  </datafield>
  <datafield tag="337" ind1=" " ind2=" ">
    <subfield code="a">unmediated</subfield>
    <subfield code="b">n</subfield>
    <subfield code="2">rdamedia</subfield>
  </datafield>
  <datafield tag="338" ind1=" " ind2=" ">
    <subfield code="a">volume</subfield>
    <subfield code="b">nc</subfield>
    <subfield code="2">rdacarrier</subfield>
  </datafield>
  <datafield tag="505" ind1="0" ind2=" ">
    <subfield code="a">Do show love and respect for your spouse -- Don&apos;t use chores as punishment -- Don&apos;t yell -- Do choose activities that bond you as a family -- Don&apos;t hide every parental disagreement -- Don&apos;t buy love -- Do give time -- Don&apos;t point out your own attributes -- Don&apos;t try to be the cool parent -- Do be fair and consistent in discipline -- Don&apos;t spank -- Don&apos;t wait until marriage to start taking on a role -- Do go slow -- Do let your spouse and his or her child have their own private time -- Do create new family activities and traditions -- Do get ready for &quot;you are not my dad/mom&quot; -- Don&apos;t expect an immediate blended family -- Don&apos;t be jealous when the child talks about the out-of-house parent -- Don&apos;t let your stepchild&apos;s rudeness go unnoticed -- Do find time to focus on your spouse -- Do accept your stepchild for who they are -- Do take care of yourself -- Do find &quot;little&quot; activities to do together -- Do build a family website or facebook page -- Don&apos;t get sucked into taking sides between children -- Do consider stepparent adoption -- Do give easy opportunities to talk -- Do be flexible in what your stepchild calls you -- Do recognize adult stepchildren have emotions too -- Do consider attending worship together -- Don&apos;t get upset on mother&apos;s/father&apos;s day -- Don&apos;t push gender-specific roles on your spouse -- Do be prepared to pay for the failures of the out-of-house parent -- Do help your stepchild feel good about himself/herself -- Don&apos;t feel you need to solve every problem -- Don&apos;t be afraid to refer to your stepchild as &quot;my son&quot; or &quot;my daughter&quot; -- Do be prepared for the sex with your spouse to change -- Don&apos;t brush aside your child&apos;s grief -- Do be prepared for your stepchild&apos;s rejection -- Do be prepared for your stepchild to badmouth you to the out-of-house parent -- Don&apos;t defend yourself against every negative comment from the out-of-house parent -- Do help your stepchild buy gifts for the out-of-house parent -- Do understand the reason for a child&apos;s anger and rudeness don&apos;t &quot;pass the buck&quot; to the stepparent -- Don&apos;t let your guilt over a failed marriage make you spoil your child -- Don&apos;t control your kids - guide them -- Do recognize your stepchild may show love in different ways -- Do use the fewest words possible -- Don&apos;t criticize a child for bad behavior, criticize the behavior itself -- Do respect a stepchild&apos;s need for privacy and decorum -- Don&apos;t feel every holiday must be spent together -- From the author.</subfield>
  </datafield>
  <datafield tag="650" ind1=" " ind2="0">
    <subfield code="a">Stepfamilies.</subfield>
  </datafield>
  <datafield tag="650" ind1=" " ind2="0">
    <subfield code="a">Stepparents</subfield>
    <subfield code="x">Psychology.</subfield>
  </datafield>
  <datafield tag="650" ind1=" " ind2="0">
    <subfield code="a">Stress (Psychology)</subfield>
  </datafield>
  <datafield tag="650" ind1=" " ind2="0">
    <subfield code="a">Parenting.</subfield>
  </datafield>
</record>