
<record>
  <leader>02932cam a22004817i 4500</leader>
  <controlfield tag="001">19217558</controlfield>
  <controlfield tag="005">20200103121221.0</controlfield>
  <controlfield tag="008">160531s2015    ck a     b    000 0 spa c</controlfield>
  <datafield tag="906" ind1=" " ind2=" ">
    <subfield code="a">7</subfield>
    <subfield code="b">cbc</subfield>
    <subfield code="c">pccadap</subfield>
    <subfield code="d">2</subfield>
    <subfield code="e">ncip</subfield>
    <subfield code="f">20</subfield>
    <subfield code="g">y-gencatlg</subfield>
  </datafield>
  <datafield tag="925" ind1="0" ind2=" ">
    <subfield code="a">acquire</subfield>
    <subfield code="b">1 shelf copy</subfield>
    <subfield code="x">policy default</subfield>
  </datafield>
  <datafield tag="955" ind1=" " ind2=" ">
    <subfield code="b">bg12 2017-06-29 to ALAWE/SA</subfield>
    <subfield code="b">bc12 2017-08-31 z-processor</subfield>
    <subfield code="i">bc12 2017-09-13 (telework)</subfield>
    <subfield code="e">bc12 2017-09-19 to BCCD (ABAchecked &amp; Labeled)</subfield>
  </datafield>
  <datafield tag="010" ind1=" " ind2=" ">
    <subfield code="a">  2017410354</subfield>
  </datafield>
  <datafield tag="020" ind1=" " ind2=" ">
    <subfield code="a">9789587631425</subfield>
  </datafield>
  <datafield tag="020" ind1=" " ind2=" ">
    <subfield code="a">9587631420</subfield>
  </datafield>
  <datafield tag="035" ind1=" " ind2=" ">
    <subfield code="a">(OCoLC)ocn957676395</subfield>
  </datafield>
  <datafield tag="040" ind1=" " ind2=" ">
    <subfield code="a">STF</subfield>
    <subfield code="b">eng</subfield>
    <subfield code="c">STF</subfield>
    <subfield code="e">rda</subfield>
    <subfield code="d">FXG</subfield>
    <subfield code="d">GZM</subfield>
    <subfield code="d">DLC</subfield>
  </datafield>
  <datafield tag="041" ind1="0" ind2=" ">
    <subfield code="a">spa</subfield>
    <subfield code="b">eng</subfield>
    <subfield code="b">spa</subfield>
  </datafield>
  <datafield tag="043" ind1=" " ind2=" ">
    <subfield code="a">s-ck---</subfield>
  </datafield>
  <datafield tag="050" ind1="0" ind2="0">
    <subfield code="a">HC198.S628</subfield>
    <subfield code="b">A48 2015</subfield>
  </datafield>
  <datafield tag="245" ind1="0" ind2="0">
    <subfield code="a">Altos de la Florida :</subfield>
    <subfield code="b">la montaña invisible e imbatible /</subfield>
    <subfield code="c">Carlos Eduardo Rodríguez Muñoz (ed.).</subfield>
  </datafield>
  <datafield tag="250" ind1=" " ind2=" ">
    <subfield code="a">Primera edición.</subfield>
  </datafield>
  <datafield tag="264" ind1=" " ind2="1">
    <subfield code="a">Bogota, D.C. :</subfield>
    <subfield code="b">Corporación Universitaria Minuto de Dios--UNIMINUTO,</subfield>
    <subfield code="c">2015.</subfield>
  </datafield>
  <datafield tag="300" ind1=" " ind2=" ">
    <subfield code="a">104 pages :</subfield>
    <subfield code="b">illustrations (chiefly color) ;</subfield>
    <subfield code="c">28 cm</subfield>
  </datafield>
  <datafield tag="336" ind1=" " ind2=" ">
    <subfield code="a">text</subfield>
    <subfield code="b">txt</subfield>
    <subfield code="2">rdacontent</subfield>
  </datafield>
  <datafield tag="337" ind1=" " ind2=" ">
    <subfield code="a">unmediated</subfield>
    <subfield code="b">n</subfield>
    <subfield code="2">rdamedia</subfield>
  </datafield>
  <datafield tag="338" ind1=" " ind2=" ">
    <subfield code="a">volume</subfield>
    <subfield code="b">nc</subfield>
    <subfield code="2">rdacarrier</subfield>
  </datafield>
  <datafield tag="546" ind1=" " ind2=" ">
    <subfield code="a">Texts in Spanish with abstracts in English and Spanish.</subfield>
  </datafield>
  <datafield tag="504" ind1=" " ind2=" ">
    <subfield code="a">Includes bibliographical references.</subfield>
  </datafield>
  <datafield tag="505" ind1="0" ind2=" ">
    <subfield code="a">Recordando y recorriendo los caminos de Altos de la Florida : reseña histórica / July Andrea Burgos Alarcón, Jenny Stella Dimaté Barbosa, Nathalia Salgado Pineda -- Entre lo urgente y lo importante : una comprensión socioeconómica de Altos de la Florida / Liliana Milena Castro Bastidas -- Altos de la Florida : de la ausencia estatal a la formulación de políticas públicas territoriales / Rafael Alberto Zambrano Vanegas -- La institucionalidad y las organizaciones en Altos de la Florida : mucho más de lo que las voces pueden contar / Edgar Alfredo Pérez Guerrero, Oliva del Pilar Torres Araque -- De lo imaginario a lo real : una perspectiva en el contexto de Altos de la Florida / Kempes Lozada Romero -- Centro de producción radial de Altos de la Florida : un espacio para el desarrollo y el cambio social / Geraldine Luis Mendoza, Zulay Reyes Rubio, Carlos Eduardo Rodríguez Muñoz.</subfield>
  </datafield>
  <datafield tag="530" ind1=" " ind2=" ">
    <subfield code="a">Also available online.</subfield>
  </datafield>
  <datafield tag="650" ind1=" " ind2="0">
    <subfield code="a">Poverty</subfield>
    <subfield code="z">Colombia</subfield>
    <subfield code="z">Soacha.</subfield>
  </datafield>
  <datafield tag="650" ind1=" " ind2="0">
    <subfield code="a">Poor</subfield>
    <subfield code="z">Colombia</subfield>
    <subfield code="z">Soacha.</subfield>
  </datafield>
  <datafield tag="650" ind1=" " ind2="0">
    <subfield code="a">Squatter settlements</subfield>
    <subfield code="z">Colombia</subfield>
    <subfield code="z">Soacha.</subfield>
  </datafield>
  <datafield tag="651" ind1=" " ind2="0">
    <subfield code="a">Soacha (Colombia)</subfield>
    <subfield code="x">Social conditions.</subfield>
  </datafield>
  <datafield tag="651" ind1=" " ind2="0">
    <subfield code="a">Soacha (Colombia)</subfield>
    <subfield code="x">Economic conditions.</subfield>
  </datafield>
  <datafield tag="651" ind1=" " ind2="0">
    <subfield code="a">Altos de la Florida (Soacha, Colombia)</subfield>
    <subfield code="x">Social conditions.</subfield>
  </datafield>
  <datafield tag="651" ind1=" " ind2="0">
    <subfield code="a">Altos de la Florida (Soacha, Colombia)</subfield>
    <subfield code="x">Economic conditions.</subfield>
  </datafield>
  <datafield tag="700" ind1="1" ind2=" ">
    <subfield code="a">Rodríguez Muñoz, Carlos Eduardo,</subfield>
    <subfield code="e">editor.</subfield>
  </datafield>
  <datafield tag="710" ind1="2" ind2=" ">
    <subfield code="a">UNIMINUTO (University),</subfield>
    <subfield code="e">issuing body.</subfield>
  </datafield>
  <datafield tag="710" ind1="2" ind2=" ">
    <subfield code="a">UNDP Colombia,</subfield>
    <subfield code="e">sponsoring body.</subfield>
  </datafield>
  <datafield tag="856" ind1="4" ind2="1">
    <subfield code="u">http://www.co.undp.org/content/dam/colombia/docs/Paz/undp-co-libroaltosdelaflorida1-2016.pdf</subfield>
  </datafield>
  <datafield tag="923" ind1=" " ind2=" ">
    <subfield code="d">20160627</subfield>
    <subfield code="n">15327C2016</subfield>
    <subfield code="s">BO-CbLA</subfield>
  </datafield>
  <datafield tag="985" ind1=" " ind2=" ">
    <subfield code="e">VENDOR LOAD</subfield>
  </datafield>
</record>