
<record>
  <leader>02391cam a22003017i 4500</leader>
  <controlfield tag="001">19218661</controlfield>
  <controlfield tag="005">20200103034935.0</controlfield>
  <controlfield tag="008">160806s2012    io       b   f000 0 ind  </controlfield>
  <datafield tag="906" ind1=" " ind2=" ">
    <subfield code="a">7</subfield>
    <subfield code="b">cbc</subfield>
    <subfield code="c">origode</subfield>
    <subfield code="d">4</subfield>
    <subfield code="e">ncip</subfield>
    <subfield code="f">20</subfield>
    <subfield code="g">y-gencatlg</subfield>
  </datafield>
  <datafield tag="925" ind1="0" ind2=" ">
    <subfield code="a">acquire</subfield>
    <subfield code="b">1 shelf copy</subfield>
    <subfield code="x">policy default</subfield>
  </datafield>
  <datafield tag="955" ind1=" " ind2=" ">
    <subfield code="a">wj43 2016-08-06</subfield>
    <subfield code="b">wj15 2020-01-03 received for cataloging</subfield>
    <subfield code="h">wj15 2020-01-03 to SAS</subfield>
  </datafield>
  <datafield tag="010" ind1=" " ind2=" ">
    <subfield code="a">  2014332252</subfield>
    <subfield code="z">2014328552</subfield>
  </datafield>
  <datafield tag="020" ind1=" " ind2=" ">
    <subfield code="a">978973692425</subfield>
  </datafield>
  <datafield tag="040" ind1=" " ind2=" ">
    <subfield code="a">DLC</subfield>
    <subfield code="b">eng</subfield>
    <subfield code="c">DLC</subfield>
    <subfield code="d">DLC</subfield>
    <subfield code="e">rda</subfield>
  </datafield>
  <datafield tag="042" ind1=" " ind2=" ">
    <subfield code="a">lcode</subfield>
  </datafield>
  <datafield tag="050" ind1="0" ind2="0">
    <subfield code="a">MLCME 2020/70002 (S)</subfield>
  </datafield>
  <datafield tag="245" ind1="0" ind2="0">
    <subfield code="a">Pengembangan minapolitan berbasis perairan umum daratan.</subfield>
  </datafield>
  <datafield tag="264" ind1=" " ind2="1">
    <subfield code="a">Jakarta :</subfield>
    <subfield code="b">Badan Penelitian dan Pengembangan Kelautan dan Perikanan bekerjasama dengan Indonesian Marine and Fisheries Socio-Economics Research Network,</subfield>
    <subfield code="c">[2012]</subfield>
  </datafield>
  <datafield tag="300" ind1=" " ind2=" ">
    <subfield code="a">viii, 195 pages ;</subfield>
    <subfield code="c">23 cm</subfield>
  </datafield>
  <datafield tag="336" ind1=" " ind2=" ">
    <subfield code="a">text</subfield>
    <subfield code="2">rdacontent</subfield>
  </datafield>
  <datafield tag="337" ind1=" " ind2=" ">
    <subfield code="a">unmediated</subfield>
    <subfield code="2">rdamedia</subfield>
  </datafield>
  <datafield tag="338" ind1=" " ind2=" ">
    <subfield code="a">volume</subfield>
    <subfield code="2">rdacarrier</subfield>
  </datafield>
  <datafield tag="504" ind1=" " ind2=" ">
    <subfield code="a">Includes bibliographical references.</subfield>
  </datafield>
  <datafield tag="505" ind1="0" ind2=" ">
    <subfield code="a">Minapolitan sebagai langkah optimalisasi pemanfaatan sumberdaya lokal berbasis perairan umum daratan / Andrian Ramadhan dan Zahri Nasution -- Identifikasi faktor-faktor penentu keberhasilan pengelolaan perairan umum Lebak Lebung sebagai sentra minapolitan / Bayu Vita Indah Yanti dan Manadiyanto -- Identifikasi faktor-faktor penentu keberhasilan pengelolaan Danau Maninjau sebagai sentra minapolitan / Rismutia Hayu Deswati dan Achmad Azizi -- Identifikasi faktor pendukung dan prakiraan dampak pengelolaan waduk Gajah Mungkur dalam mendukung program minapolitan / Radityo Pramoda -- Prakiraan dampak pengembangan kawasan minapolitan berbabis perairan umum Danau Toba di Kabupaten Simalungun, Sumatera Utara / Yesi Dewita Sari -- Kajian materi muatan peraturan perundang-undangan pendukung pengembangan potensi sumber daya perikanan perairan umum daratan / Bayu Vita Indah Yanti dan Rismutia Hayu Deswati -- Strategi pengembangan kawasan perairan umum waduk Gajah Mungkur dalam mendukung program minapolitan / Radityo Pramoda dan Budi Wardono -- Prioritas lokasi dan strategi pengembangan sentra perikanan perairan umum daratan sebagai kawasan minapolitan / Zahri Nasution dan Muhadjir.</subfield>
  </datafield>
  <datafield tag="546" ind1=" " ind2=" ">
    <subfield code="a">In Indonesian.</subfield>
  </datafield>
  <datafield tag="653" ind1="0" ind2=" ">
    <subfield code="a">fishery management</subfield>
    <subfield code="a">fishery resources</subfield>
    <subfield code="a">Indonesia</subfield>
  </datafield>
  <datafield tag="710" ind1="1" ind2=" ">
    <subfield code="a">Indonesia.</subfield>
    <subfield code="b">Badan Penelitian dan Pengembangan Kelautan dan Perikanan,</subfield>
    <subfield code="e">issuing body,</subfield>
    <subfield code="e">publisher.</subfield>
  </datafield>
  <datafield tag="985" ind1=" " ind2=" ">
    <subfield code="e">ODE-jk</subfield>
  </datafield>
</record>