
<record>
  <leader>03656cam a22004217i 4500</leader>
  <controlfield tag="001">19219138</controlfield>
  <controlfield tag="005">20200103121224.0</controlfield>
  <controlfield tag="008">160806t20152015enka     b    000 0 eng c</controlfield>
  <datafield tag="906" ind1=" " ind2=" ">
    <subfield code="a">7</subfield>
    <subfield code="b">cbc</subfield>
    <subfield code="c">pccadap</subfield>
    <subfield code="d">2</subfield>
    <subfield code="e">ncip</subfield>
    <subfield code="f">20</subfield>
    <subfield code="g">y-gencatlg</subfield>
  </datafield>
  <datafield tag="925" ind1="0" ind2=" ">
    <subfield code="a">acquire</subfield>
    <subfield code="b">1 shelf copy</subfield>
    <subfield code="x">policy default</subfield>
  </datafield>
  <datafield tag="955" ind1=" " ind2=" ">
    <subfield code="b">rm08 2016-08-06 z-processor</subfield>
    <subfield code="i">rm06 2016-08-11 to CALM</subfield>
  </datafield>
  <datafield tag="010" ind1=" " ind2=" ">
    <subfield code="a">  2016449124</subfield>
  </datafield>
  <datafield tag="020" ind1=" " ind2=" ">
    <subfield code="a">144387129X</subfield>
  </datafield>
  <datafield tag="020" ind1=" " ind2=" ">
    <subfield code="a">9781443871297</subfield>
  </datafield>
  <datafield tag="035" ind1=" " ind2=" ">
    <subfield code="a">(OCoLC)ocn900828131</subfield>
  </datafield>
  <datafield tag="040" ind1=" " ind2=" ">
    <subfield code="a">YDXCP</subfield>
    <subfield code="b">eng</subfield>
    <subfield code="c">YDXCP</subfield>
    <subfield code="e">rda</subfield>
    <subfield code="d">OCLCQ</subfield>
    <subfield code="d">CDX</subfield>
    <subfield code="d">BTCTA</subfield>
    <subfield code="d">ESU</subfield>
    <subfield code="d">OCLCO</subfield>
    <subfield code="d">OCLCF</subfield>
    <subfield code="d">UTV</subfield>
    <subfield code="d">NGU</subfield>
    <subfield code="d">TXM</subfield>
    <subfield code="d">HF9</subfield>
    <subfield code="d">DLC</subfield>
  </datafield>
  <datafield tag="050" ind1="0" ind2="0">
    <subfield code="a">HV875.5</subfield>
    <subfield code="b">.I543 2015</subfield>
  </datafield>
  <datafield tag="245" ind1="0" ind2="4">
    <subfield code="a">The intercountry adoption debate :</subfield>
    <subfield code="b">dialogues across disciplines /</subfield>
    <subfield code="c">edited by Robert L. Ballard, Naomi H. Goodno, Robert F. Cochran and Jay A. Milbrandt.</subfield>
  </datafield>
  <datafield tag="264" ind1=" " ind2="1">
    <subfield code="a">Newcastle upon Tyne, UK :</subfield>
    <subfield code="b">Cambridge Scholars Publishing,</subfield>
    <subfield code="c">2015.</subfield>
  </datafield>
  <datafield tag="264" ind1=" " ind2="4">
    <subfield code="c">©2015</subfield>
  </datafield>
  <datafield tag="300" ind1=" " ind2=" ">
    <subfield code="a">x, 737 pages :</subfield>
    <subfield code="b">illustrations ;</subfield>
    <subfield code="c">21 cm</subfield>
  </datafield>
  <datafield tag="336" ind1=" " ind2=" ">
    <subfield code="a">text</subfield>
    <subfield code="b">txt</subfield>
    <subfield code="2">rdacontent</subfield>
  </datafield>
  <datafield tag="337" ind1=" " ind2=" ">
    <subfield code="a">unmediated</subfield>
    <subfield code="b">n</subfield>
    <subfield code="2">rdamedia</subfield>
  </datafield>
  <datafield tag="338" ind1=" " ind2=" ">
    <subfield code="a">volume</subfield>
    <subfield code="b">nc</subfield>
    <subfield code="2">rdacarrier</subfield>
  </datafield>
  <datafield tag="504" ind1=" " ind2=" ">
    <subfield code="a">Includes bibliographical references.</subfield>
  </datafield>
  <datafield tag="520" ind1=" " ind2=" ">
    <subfield code="a">Meaningful discussion about intercountry adoption (the adoption of a child from one country by a family from another country) necessitates an understanding of a complex range of issues. These issues intersect at multiple levels and processes, span geographic and political boundaries, and emerge from radically different cultural beliefs and systems. The result is a myriad of benefits and costs that are both global and deeply personal in scope. This edited volume introduces this complexity and gives voice to the many sides of the intercountry adoption debate - for, against, and the dimensions in between. Its 27 chapters feature a &quot;who&apos;s who&quot; of intercountry adoption, including writings from top scholars in law, medicine and health, social work, anthropology, religion, sociology, and history, and perspectives from parents, policymakers, adoptees, and agency representatives. Adoption practitioners and professionals who live and breathe intercountry adoption on a daily basis offer first-hand experiences and viewpoints. A range of religious perspectives on intercountry adoption is also featured; an aspect that has not yet been explored in detail. Contributors hail from around the world, from both origin and receiving countries, and provide global and broad cultural perspectives on the topic. While the primary function of this edited volume is to present the variety of research and views on intercountry adoption, this volume is also an accessible resource and introductory &quot;handbook&quot; for scholars and practitioners. In setting forth the current interdisciplinary, global, and complex conversation, the book offers a starting point for a new path in intercountry adoption, one where no one is excluded from the conversation, where research and study continue to flourish, and where stronger policies will emerge that protect children, birth parents, and adoptive parents. -- Provided by publisher.</subfield>
  </datafield>
  <datafield tag="650" ind1=" " ind2="0">
    <subfield code="a">Intercountry adoption.</subfield>
  </datafield>
  <datafield tag="650" ind1=" " ind2="0">
    <subfield code="a">Interracial adoption.</subfield>
  </datafield>
  <datafield tag="650" ind1=" " ind2="0">
    <subfield code="a">Adoption</subfield>
    <subfield code="x">Law and legislation.</subfield>
  </datafield>
  <datafield tag="650" ind1=" " ind2="0">
    <subfield code="a">Adopted children</subfield>
    <subfield code="x">Legal status, laws, etc.</subfield>
  </datafield>
  <datafield tag="650" ind1=" " ind2="7">
    <subfield code="a">Adopted children</subfield>
    <subfield code="x">Legal status, laws, etc.</subfield>
    <subfield code="2">fast</subfield>
    <subfield code="0">(OCoLC)fst00797058</subfield>
  </datafield>
  <datafield tag="650" ind1=" " ind2="7">
    <subfield code="a">Adoption</subfield>
    <subfield code="x">Law and legislation.</subfield>
    <subfield code="2">fast</subfield>
    <subfield code="0">(OCoLC)fst00797091</subfield>
  </datafield>
  <datafield tag="650" ind1=" " ind2="7">
    <subfield code="a">Intercountry adoption.</subfield>
    <subfield code="2">fast</subfield>
    <subfield code="0">(OCoLC)fst00976069</subfield>
  </datafield>
  <datafield tag="650" ind1=" " ind2="7">
    <subfield code="a">Interracial adoption.</subfield>
    <subfield code="2">fast</subfield>
    <subfield code="0">(OCoLC)fst00977475</subfield>
  </datafield>
  <datafield tag="700" ind1="1" ind2=" ">
    <subfield code="a">Ballard, Robert L.,</subfield>
    <subfield code="e">editor.</subfield>
  </datafield>
  <datafield tag="700" ind1="1" ind2=" ">
    <subfield code="a">Goodno, Naomi H.,</subfield>
    <subfield code="e">editor.</subfield>
  </datafield>
  <datafield tag="700" ind1="1" ind2=" ">
    <subfield code="a">Cochran, Robert F.,</subfield>
    <subfield code="d">1951-</subfield>
    <subfield code="e">editor.</subfield>
  </datafield>
  <datafield tag="700" ind1="1" ind2=" ">
    <subfield code="a">Milbrandt, Jay,</subfield>
    <subfield code="d">1982-</subfield>
    <subfield code="e">editor.</subfield>
  </datafield>
</record>